<?xml version="1.0" encoding="UTF-8"?><collection xmlns="http://www.loc.gov/MARC21/slim"><record><leader>00429nam--2200133-i-4500</leader><controlfield tag="001">000023258</controlfield><controlfield tag="002">20161230</controlfield><controlfield tag="005">20161230201034</controlfield><controlfield tag="008">060222s1000------------r-----000-0-eng-d</controlfield><datafield ind1=" " ind2=" " tag="080"><subfield code="a">624:693</subfield></datafield><datafield ind1=" " ind2=" " tag="245"><subfield code="a">Executarea lucrarilor de constructii pe timp friguros.sinteza documentara eleborata de basile gruenberg</subfield></datafield><datafield ind1=" " ind2=" " tag="260"><subfield code="a">Bucuresti, Centr.De Doc.Pt.Constr., Arhit.Si Sist., 1971. 36p</subfield></datafield><datafield ind1=" " ind2=" " tag="490"><subfield code="a">Sinteza Documentara</subfield></datafield><datafield ind1=" " ind2=" " tag="852"><subfield code="a">37796</subfield></datafield></record></collection>